
###InProceedings{ soules03system,
  author	= {Soules, C. A. N. and Appavoo, J. and Hui, K. and
		  Wisniewski, R. W. and Da Silva, D. and Ganger, G. R. and
		  Krieger, O. and Stumm, M. and Auslander, M. and Ostrowski
		  M. and Rosenburg, B. and Xenidis, J.},
  title		= {System Support for Online Reconfiguration},
  booktitle	= {Usenix ATC},
  year		= {2003}
}

###InProceedings{ soules03system,
  author	= {Soules, C. A. N. and Appavoo, J. and Hui, K. and
		  Wisniewski, R. W. and Da Silva, D. and Ganger, G. R. and
		  Krieger, O. and Stumm, M. and Auslander, M. and Ostrowski
		  M. and Rosenburg, B. and Xenidis, J.},
  title		= {System Support for Online Reconfiguration},
  booktitle	= {Proc. of the Usenix Technical Conference},
  year		= {2003}
}

###InProceedings{ soules03system,
  author	= {Soules, C. A. N. and Appavoo, J. and Hui, K. and
		  Wisniewski, R. W. and Da Silva, D. and Ganger, G. R. and
		  Krieger, O. and Stumm, M. and Auslander, M. and Ostrowski
		  M. and Rosenburg, B. and Xenidis, J.},
  title		= {System Support for Online Reconfiguration},
  booktitle	= {Usenix ATC},
  year		= {2003}
}

###InProceedings{ soules03system,
  author	= {Soules, C. A. N. and Appavoo, J. and Hui, K. and
		  Wisniewski, R. W. and Da Silva, D. and Ganger, G. R. and
		  Krieger, O. and Stumm, M. and Auslander, M. and Ostrowski
		  M. and Rosenburg, B. and Xenidis, J.},
  title		= {System Support for Online Reconfiguration},
  booktitle	= {Proc. of the Usenix Technical Conference},
  year		= {2003}
}

###InProceedings{ soules03system,
  author	= {Soules, C. A. N. and Appavoo, J. and Hui, K. and
		  Wisniewski, R. W. and Da Silva, D. and Ganger, G. R. and
		  Krieger, O. and Stumm, M. and Auslander, M. and Ostrowski
		  M. and Rosenburg, B. and Xenidis, J.},
  title		= {System Support for Online Reconfiguration},
  booktitle	= {Usenix ATC},
  year		= {2003}
}

###InProceedings{ soules03system,
  author	= {Soules, C. A. N. and Appavoo, J. and Hui, K. and
		  Wisniewski, R. W. and Da Silva, D. and Ganger, G. R. and
		  Krieger, O. and Stumm, M. and Auslander, M. and Ostrowski
		  M. and Rosenburg, B. and Xenidis, J.},
  title		= {System Support for Online Reconfiguration},
  booktitle	= {Proc. of the Usenix Technical Conference},
  year		= {2003}
}

###InProceedings{ soules03system,
  author	= {Soules, C. A. N. and Appavoo, J. and Hui, K. and
		  Wisniewski, R. W. and Da Silva, D. and Ganger, G. R. and
		  Krieger, O. and Stumm, M. and Auslander, M. and Ostrowski
		  M. and Rosenburg, B. and Xenidis, J.},
  title		= {System Support for Online Reconfiguration},
  booktitle	= {Usenix ATC},
  year		= {2003}
}

###InProceedings{ soules03system,
  author	= {Soules, C. A. N. and Appavoo, J. and Hui, K. and
		  Wisniewski, R. W. and Da Silva, D. and Ganger, G. R. and
		  Krieger, O. and Stumm, M. and Auslander, M. and Ostrowski
		  M. and Rosenburg, B. and Xenidis, J.},
  title		= {System Support for Online Reconfiguration},
  booktitle	= {Proc. of the Usenix Technical Conference},
  year		= {2003}
}

###InProceedings{ soules03system,
  author	= {Soules, C. A. N. and Appavoo, J. and Hui, K. and
		  Wisniewski, R. W. and Da Silva, D. and Ganger, G. R. and
		  Krieger, O. and Stumm, M. and Auslander, M. and Ostrowski
		  M. and Rosenburg, B. and Xenidis, J.},
  title		= {System Support for Online Reconfiguration},
  booktitle	= {Usenix ATC},
  year		= {2003}
}

###InProceedings{ soules03system,
  author	= {Soules, C. A. N. and Appavoo, J. and Hui, K. and
		  Wisniewski, R. W. and Da Silva, D. and Ganger, G. R. and
		  Krieger, O. and Stumm, M. and Auslander, M. and Ostrowski
		  M. and Rosenburg, B. and Xenidis, J.},
  title		= {System Support for Online Reconfiguration},
  booktitle	= {Proc. of the Usenix Technical Conference},
  year		= {2003}
}

###InProceedings{ soules03system,
  author	= {Soules, C. A. N. and Appavoo, J. and Hui, K. and
		  Wisniewski, R. W. and Da Silva, D. and Ganger, G. R. and
		  Krieger, O. and Stumm, M. and Auslander, M. and Ostrowski
		  M. and Rosenburg, B. and Xenidis, J.},
  title		= {System Support for Online Reconfiguration},
  booktitle	= {Usenix ATC},
  year		= {2003}
}

###InProceedings{ soules03system,
  author	= {Soules, C. A. N. and Appavoo, J. and Hui, K. and
		  Wisniewski, R. W. and Da Silva, D. and Ganger, G. R. and
		  Krieger, O. and Stumm, M. and Auslander, M. and Ostrowski
		  M. and Rosenburg, B. and Xenidis, J.},
  title		= {System Support for Online Reconfiguration},
  booktitle	= {Proc. of the Usenix Technical Conference},
  year		= {2003}
}

###InProceedings{ soules03system,
  author	= {Soules, C. A. N. and Appavoo, J. and Hui, K. and
		  Wisniewski, R. W. and Da Silva, D. and Ganger, G. R. and
		  Krieger, O. and Stumm, M. and Auslander, M. and Ostrowski
		  M. and Rosenburg, B. and Xenidis, J.},
  title		= {System Support for Online Reconfiguration},
  booktitle	= {Proc. of the Usenix Technical Conference},
  year		= {2003}
}

###InProceedings{ soules03system,
  author	= {Soules, C. A. N. and Appavoo, J. and Hui, K. and
		  Wisniewski, R. W. and Da Silva, D. and Ganger, G. R. and
		  Krieger, O. and Stumm, M. and Auslander, M. and Ostrowski
		  M. and Rosenburg, B. and Xenidis, J.},
  title		= {System Support for Online Reconfiguration},
  booktitle	= {Usenix ATC},
  year		= {2003}
}

###InProceedings{ soules03system,
  author	= {Soules, C. A. N. and Appavoo, J. and Hui, K. and
		  Wisniewski, R. W. and Da Silva, D. and Ganger, G. R. and
		  Krieger, O. and Stumm, M. and Auslander, M. and Ostrowski
		  M. and Rosenburg, B. and Xenidis, J.},
  title		= {System Support for Online Reconfiguration},
  booktitle	= {Proc. of the Usenix Technical Conference},
  year		= {2003}
}

###InProceedings{ soules03system,
  author	= {Soules, C. A. N. and Appavoo, J. and Hui, K. and
		  Wisniewski, R. W. and Da Silva, D. and Ganger, G. R. and
		  Krieger, O. and Stumm, M. and Auslander, M. and Ostrowski
		  M. and Rosenburg, B. and Xenidis, J.},
  title		= {System Support for Online Reconfiguration},
  booktitle	= {Usenix ATC},
  year		= {2003}
}

###InProceedings{ soules03system,
  author	= {Soules, C. A. N. and Appavoo, J. and Hui, K. and
		  Wisniewski, R. W. and Da Silva, D. and Ganger, G. R. and
		  Krieger, O. and Stumm, M. and Auslander, M. and Ostrowski
		  M. and Rosenburg, B. and Xenidis, J.},
  title		= {System Support for Online Reconfiguration},
  booktitle	= {Proc. of the Usenix Technical Conference},
  year		= {2003}
}

###InProceedings{ soules03system,
  author	= {Soules, C. A. N. and Appavoo, J. and Hui, K. and
		  Wisniewski, R. W. and Da Silva, D. and Ganger, G. R. and
		  Krieger, O. and Stumm, M. and Auslander, M. and Ostrowski
		  M. and Rosenburg, B. and Xenidis, J.},
  title		= {System Support for Online Reconfiguration},
  booktitle	= {Proc. of the Usenix Technical Conference},
  year		= {2003}
}

###InProceedings{ soules03system,
  author	= {Soules, C. A. N. and Appavoo, J. and Hui, K. and
		  Wisniewski, R. W. and Da Silva, D. and Ganger, G. R. and
		  Krieger, O. and Stumm, M. and Auslander, M. and Ostrowski
		  M. and Rosenburg, B. and Xenidis, J.},
  title		= {System Support for Online Reconfiguration},
  booktitle	= {Proc. of the Usenix Technical Conference},
  year		= {2003}
}

###InProceedings{ soules03system,
  author	= {Soules, C. A. N. and Appavoo, J. and Hui, K. and
		  Wisniewski, R. W. and Da Silva, D. and Ganger, G. R. and
		  Krieger, O. and Stumm, M. and Auslander, M. and Ostrowski
		  M. and Rosenburg, B. and Xenidis, J.},
  title		= {System Support for Online Reconfiguration},
  booktitle	= {Proc. of the Usenix Technical Conference},
  year		= {2003}
}

###InProceedings{ soules03system,
  author	= {Soules, C. A. N. and Appavoo, J. and Hui, K. and
		  Wisniewski, R. W. and Da Silva, D. and Ganger, G. R. and
		  Krieger, O. and Stumm, M. and Auslander, M. and Ostrowski
		  M. and Rosenburg, B. and Xenidis, J.},
  title		= {System Support for Online Reconfiguration},
  booktitle	= {Proc. of the Usenix Technical Conference},
  year		= {2003}
}

###InProceedings{ soules03system,
  author	= {Soules, C. A. N. and Appavoo, J. and Hui, K. and
		  Wisniewski, R. W. and Da Silva, D. and Ganger, G. R. and
		  Krieger, O. and Stumm, M. and Auslander, M. and Ostrowski
		  M. and Rosenburg, B. and Xenidis, J.},
  title		= {System Support for Online Reconfiguration},
  booktitle	= {Proc. of the Usenix Technical Conference},
  year		= {2003}
}

###InProceedings{ soules03system,
  author	= {Soules, C. A. N. and Appavoo, J. and Hui, K. and
		  Wisniewski, R. W. and Da Silva, D. and Ganger, G. R. and
		  Krieger, O. and Stumm, M. and Auslander, M. and Ostrowski
		  M. and Rosenburg, B. and Xenidis, J.},
  title		= {System Support for Online Reconfiguration},
  booktitle	= {Proc. of the Usenix Technical Conference},
  year		= {2003}
}

@Article{	  splash2,
  author	= {Woo, Steven Cameron and Ohara, Moriyoshi and Torrie, Evan
		  and Singh, Jaswinder Pal and Gupta, Anoop},
  title		= {The SPLASH-2 programs: characterization and methodological
		  considerations},
  journal	= {SIGARCH Comput. Archit. News},
  volume	= {23},
  issue		= {2},
  month		= {May},
  year		= {1995},
  issn		= {0163-5964},
  pages		= {24--36},
  numpages	= {13},
  url		= {http://doi.acm.org/10.1145/225830.223990},
  doi		= {http://doi.acm.org/10.1145/225830.223990},
  acmid		= {223990},
  publisher	= {ACM},
  address	= {New York, NY, USA}
}

###Article{	  zou2005regularization,
  title		= {Regularization and variable selection via the elastic
		  net},
  author	= {Zou, Hui and Hastie, Trevor},
  journal	= {Journal of the Royal Statistical Society: Series B
		  (Statistical Methodology)},
  volume	= {67},
  number	= {2},
  pages		= {301--320},
  year		= {2005},
  publisher	= {Wiley Online Library}
}

###Article{	  zou2005regularization,
  title		= {Regularization and variable selection via the elastic
		  net},
  author	= {Zou, Hui and Hastie, Trevor},
  journal	= {Journal of the Royal Statistical Society: Series B
		  (Statistical Methodology)},
  volume	= {67},
  number	= {2},
  pages		= {301--320},
  year		= {2005},
  publisher	= {Wiley Online Library}
}

###Article{	  zou2005regularization,
  title		= {Regularization and variable selection via the elastic
		  net},
  author	= {Zou, Hui and Hastie, Trevor},
  journal	= {Journal of the Royal Statistical Society: Series B
		  (Statistical Methodology)},
  volume	= {67},
  number	= {2},
  pages		= {301--320},
  year		= {2005},
  publisher	= {Wiley Online Library}
}

###Article{	  zou2005regularization,
  title		= {Regularization and variable selection via the elastic
		  net},
  author	= {Zou, Hui and Hastie, Trevor},
  journal	= {Journal of the Royal Statistical Society: Series B
		  (Statistical Methodology)},
  volume	= {67},
  number	= {2},
  pages		= {301--320},
  year		= {2005},
  publisher	= {Wiley Online Library}
}

###Article{	  zou2005regularization,
  title		= {Regularization and variable selection via the elastic
		  net},
  author	= {Zou, Hui and Hastie, Trevor},
  journal	= {Journal of the Royal Statistical Society: Series B
		  (Statistical Methodology)},
  volume	= {67},
  number	= {2},
  pages		= {301--320},
  year		= {2005},
  publisher	= {Wiley Online Library}
}

###Article{	  zou2005regularization,
  title		= {Regularization and variable selection via the elastic
		  net},
  author	= {Zou, Hui and Hastie, Trevor},
  journal	= {Journal of the Royal Statistical Society: Series B
		  (Statistical Methodology)},
  volume	= {67},
  number	= {2},
  pages		= {301--320},
  year		= {2005},
  publisher	= {Wiley Online Library}
}

###Article{	  zou2005regularization,
  title		= {Regularization and variable selection via the elastic
		  net},
  author	= {Zou, Hui and Hastie, Trevor},
  journal	= {Journal of the Royal Statistical Society: Series B
		  (Statistical Methodology)},
  volume	= {67},
  number	= {2},
  pages		= {301--320},
  year		= {2005},
  publisher	= {Wiley Online Library}
}
